@article{citeulike:507853,
    author = {Wootters, W. K. and Zurek, W. H.},
    day = {28},
    doi = {10.1038/299802a0},
    journal = {Nature},
    month = oct,
    number = {5886},
    pages = {802--803},
    posted-at = {2007-12-08 14:18:08},
    priority = {2},
    publisher = {Nature Publishing Group},
    title = {{A single quantum cannot be cloned}},
    url = {http://dx.doi.org/10.1038/299802a0},
    volume = {299},
    year = {1982}
}

@Article{nature07127,
  title = {The Quantum Internet},
  author = {Kimble, H. J.},
  journal = {Nature},
  volume = {453},
  number = {7198},
  pages = {1023},
  year = {2008},
  month = {June},
  doi = {10.1038/nature07127},
  publisher = {Nature Publishing Group}
}

@Article{nature35106500,
  title = {Long-distance quantum communication with atomic ensembles and linear optics},
  author = {Duan, L.-M. and Lukin, M. D. and Cirac, J. I. and Zoller, P.},
  journal = {Nature},
  volume = {414},
  number = {6862},
  pages = {413},
  year = {2001},
  month = {Nov},
  doi = {10.1038/35106500},
  publisher = {Nature Publishing Group}
}

@Article{PhysRevLett.87.167903,
  title = {{Long Distance, Unconditional Teleportation of Atomic States via Complete Bell State Measurements}},
  author = {Lloyd, S.  and Shahriar, M. S. and Shapiro, J. H. and Hemmer, P. R.},
  journal = {Phys. Rev. Lett.},
  volume = {87},
  number = {16},
  pages = {167903},
  numpages = {4},
  year = {2001},
  month = {Sep},
  doi = {10.1103/PhysRevLett.87.167903},
  publisher = {American Physical Society}
}

@Article{1464-4266-2-1-101,
  author={J. H. Shapiro and N. C. Wong},
  title={An ultrabright narrowband source of polarization-entangled photon pairs},
  journal={Journal of Optics B: Quantum and Semiclassical Optics},
  volume={2},
  number={1},
  pages={L1},
  url={http://stacks.iop.org/1464-4266/2/i=1/a=101},
  year={2000}
}

@Article{PhysRevA.65.022314,
  title = {Quantum memory for photons: Dark-state polaritons},
  author = {Fleischhauer, M.  and Lukin, M. D.},
  journal = {Phys. Rev. A},
  volume = {65},
  number = {2},
  pages = {022314},
  numpages = {12},
  year = {2002},
  month = {Jan},
  doi = {10.1103/PhysRevA.65.022314},
  publisher = {American Physical Society}
}

@Article{RevModPhys.75.457,
  title = {Colloquium: Trapping and manipulating photon states in atomic ensembles},
  author = {Lukin, M. D.},
  journal = {Rev. Mod. Phys.},
  volume = {75},
  number = {2},
  pages = {457--472},
  numpages = {15},
  year = {2003},
  month = {Apr},
  doi = {10.1103/RevModPhys.75.457},
  publisher = {American Physical Society}
}

@Article{PhysRevLett.98.123601,
  title = {Universal Approach to Optimal Photon Storage in Atomic Media},
  author = {Gorshkov, A. V. and Andr\'e, A.  and Fleischhauer, M.  and S\o{}rensen, A. S. and Lukin, M. D.},
  journal = {Phys. Rev. Lett.},
  volume = {98},
  number = {12},
  pages = {123601},
  numpages = {4},
  year = {2007},
  month = {Mar},
  doi = {10.1103/PhysRevLett.98.123601},
  publisher = {American Physical Society}
}

@Article{PhysRevA.76.033804,
  title = {{Photon storage in $\Lambda$ -type optically dense atomic media. I. Cavity model}},
  author = {Gorshkov, A. V. and Andr\'e, A.  and Lukin, M. D. and S\o{}rensen, A. S.},
  journal = {Phys. Rev. A},
  volume = {76},
  number = {3},
  pages = {033804},
  numpages = {15},
  year = {2007},
  month = {Sep},
  doi = {10.1103/PhysRevA.76.033804},
  publisher = {American Physical Society}
}

@Article{PhysRevLett.103.043601,
  title = {Heralded Single-Magnon Quantum Memory for Photon Polarization States},
  author = {Tanji, H.  and Ghosh, S. and Simon, J.  and Bloom, B.  and Vuleti\ifmmode \acute{c}\else \'{c}\fi{}, V. },
  journal = {Phys. Rev. Lett.},
  volume = {103},
  number = {4},
  pages = {043601},
  numpages = {4},
  year = {2009},
  month = {Jul},
  doi = {10.1103/PhysRevLett.103.043601},
  publisher = {American Physical Society}
}

@Article{PhysRevLett.98.183601,
  title = {Interfacing Collective Atomic Excitations and Single Photons},
  author = {Simon, J.  and Tanji, H.  and Thompson, J. K. and Vuleti\ifmmode \acute{c}\else \'{c}\fi{}, V. },
  journal = {Phys. Rev. Lett.},
  volume = {98},
  number = {18},
  pages = {183601},
  numpages = {4},
  year = {2007},
  month = {May},
  doi = {10.1103/PhysRevLett.98.183601},
  publisher = {American Physical Society}
}

@Article{PhysRev.93.99,
  title = {Coherence in Spontaneous Radiation Processes},
  author = {Dicke, R. H.},
  journal = {Phys. Rev.},
  volume = {93},
  number = {1},
  pages = {99},
  year = {1954},
  month = {Jan},
  doi = {10.1103/PhysRev.93.99},
  publisher = {American Physical Society}
}

@article{1367-2630-4-1-347,
  author={J. H. Shapiro},
  title={Architectures for long-distance quantum teleportation},
  journal={New Journal of Physics},
  volume={4},
  number={1},
  pages={47},
  url={http://stacks.iop.org/1367-2630/4/i=1/a=347},
  year={2002}
}

@Article{PhysRevA.40.1371,
  title = {{Quantum-mechanical lossless beam splitter: SU(2) symmetry and photon statistics}},
  author = {Campos, R. A. and Saleh, B. E.  and Teich, M. C.},
  journal = {Phys. Rev. A},
  volume = {40},
  number = {3},
  pages = {1371--1384},
  numpages = {13},
  year = {1989},
  month = {Aug},
  doi = {10.1103/PhysRevA.40.1371},
  publisher = {American Physical Society}
}

@article{Dell'Anno200653,
title = {Multiphoton quantum optics and quantum state engineering},
journal = {Physics Reports},
volume = {428},
number = {2-3},
pages = {53 - 168},
year = {2006},
issn = {0370-1573},
doi = {10.1016/j.physrep.2006.01.004},
author = {Dell'Anno, F. and De Siena, S. and Illuminati, F. }
}

@Article{PhysRevA.79.063828,
  title = {{Creating single collective atomic excitations via spontaneous Raman emission in inhomogeneously broadened systems: Beyond the adiabatic approximation}},
  author = {Ottaviani, C.  and Simon, C.  and de Riedmatten, H.  and Afzelius, M.  and Lauritzen, B.  and Sangouard, N.  and Gisin, N. },
  journal = {Phys. Rev. A},
  volume = {79},
  number = {6},
  pages = {063828},
  numpages = {6},
  year = {2009},
  month = {Jun},
  doi = {10.1103/PhysRevA.79.063828},
  publisher = {American Physical Society}
}

@article{Gerry:01, 
author = {C. Gerry}, 
journal = {Opt. Express}, 
keywords = {Quantum optics; Squeezed states},
number = {2}, 
pages = {76--85}, 
publisher = {OSA},
title = {Remarks on the use of group theory in quantum optics}, 
volume = {8}, 
month = {Jan},
year = {2001},
url = {http://www.opticsexpress.org/abstract.cfm?URI=oe-8-2-76},
doi = {10.1364/OE.8.000076}
}

@Book{lipkin,
author = {H. J. Lipkin},
title= {Lie Groups for Pedestrians},
publisher = {Dover},
year = 2002
}

@Book{theoretical_qoptics,
author = {Barnett, S. M. and Radmore, P. M.},
title= {Methods in Theoretical Quantum Optics},
publisher = {Oxford Science Publications},
year = 1997
}

@Book{group_qoptics,
author = {Klimov, A. B. and Chumakov,  S. M.},
title= {A Group-Theoretical Approach to Quantum Optics: Models of Atom-Field Interactions},
publisher = {Wiley},
year = 2009
}

@ARTICLE{2009arXiv0906.2699S,
   author = {Sangouard, N. and Simon, C. and de Riedmatten, H. and 
	Gisin, N.},
    title = {Quantum repeaters based on atomic ensembles and linear optics},
  journal = {ArXiv e-prints 0906.2699},
archivePrefix = "arXiv",
   eprint = {0906.2699},
 primaryClass = "quant-ph",
 keywords = {Quantum Physics},
     year = 2009,
    month = jun,
   adsurl = {http://adsabs.harvard.edu/abs/2009arXiv0906.2699S},
  adsnote = {Provided by the SAO/NASA Astrophysics Data System}
}

@ARTICLE{6_453,
   author = {J. H. Shapiro},
    title = {{6.453 Quantum Optical Communication Lecture Notes}},
  publisher = {Massachusetts Institute of Technology: MIT OpenCourseWare},
     year = 2008,
    month = Fall,
   adsurl = {http://ocw.mit.edu},
}

@Article{PhysRevLett.97.223601,
  title = {Time-Bin-Modulated Biphotons from Cavity-Enhanced Down-Conversion},
  author = {Kuklewicz, C. E. and Wong, F. N. C. and Shapiro, J. H.},
  journal = {Phys. Rev. Lett.},
  volume = {97},
  number = {22},
  pages = {223601},
  numpages = {4},
  year = {2006},
  month = {Nov},
  doi = {10.1103/PhysRevLett.97.223601},
  publisher = {American Physical Society}
}

@article{scholz:201105,
author = {Scholz, M. and Koch, L. and Ullmann, R. and Benson, O.},
collaboration = {},
title = {Single-mode operation of a high-brightness narrow-band single-photon source},
publisher = {AIP},
year = {2009},
journal = {Applied Physics Letters},
volume = {94},
number = {20},
eid = {201105},
numpages = {3},
pages = {201105},
keywords = {brightness; light sources; optical filters; optical parametric devices; quantum optics},
url = {http://link.aip.org/link/?APL/94/201105/1},
doi = {10.1063/1.3139768}
}

@Article{PhysRevLett.102.063603,
  title = {Statistics of Narrow-Band Single Photons for Quantum Memories Generated by Ultrabright Cavity-Enhanced Parametric Down-Conversion},
  author = {Scholz, M.  and Koch, L.  and Benson, O. },
  journal = {Phys. Rev. Lett.},
  volume = {102},
  number = {6},
  pages = {063603},
  numpages = {4},
  year = {2009},
  month = {Feb},
  doi = {10.1103/PhysRevLett.102.063603},
  publisher = {American Physical Society}
}

@Article{PhysRevLett.101.190501,
  title = {Generation of Narrow-Band Polarization-Entangled Photon Pairs for Atomic Quantum Memories},
  author = {Bao, X.-H.  and Qian, Y.  and Yang, J.  and Zhang, H.  and Chen, Z.-B.  and Yang, T.  and Pan, J.-W. },
  journal = {Phys. Rev. Lett.},
  volume = {101},
  number = {19},
  pages = {190501},
  numpages = {4},
  year = {2008},
  month = {Nov},
  doi = {10.1103/PhysRevLett.101.190501},
  publisher = {American Physical Society}
}

@Article{RevModPhys.82.1041,
  title = {Quantum interface between light and atomic ensembles},
  author = {Hammerer, K.  and S\o{}rensen, A. S. and Polzik, E. S.},
  journal = {Rev. Mod. Phys.},
  volume = {82},
  number = {2},
  pages = {1041--1093},
  numpages = {52},
  year = {2010},
  month = {Apr},
  doi = {10.1103/RevModPhys.82.1041},
  publisher = {American Physical Society}
}

@Book{steck_qoptics,
author = {D. A. Steck},
title= {Quantum and Atom Optics},
publisher = "available online at http://steck.us/teaching (revision 0.2.5, 5 February 2010)",
year = 2010
}

@Article{RevModPhys.77.513,
  title = {Quantum information with continuous variables},
  author = {Braunstein, S. L. and van Loock, P. },
  journal = {Rev. Mod. Phys.},
  volume = {77},
  number = {2},
  pages = {513--577},
  numpages = {64},
  year = {2005},
  month = {Jun},
  doi = {10.1103/RevModPhys.77.513},
  publisher = {American Physical Society}
}

@Article{PhysRevA.79.063828,
  title = {{Creating single collective atomic excitations via spontaneous Raman emission in inhomogeneously broadened systems: Beyond the adiabatic approximation}},
  author = {Ottaviani, C.  and Simon, C.  and de Riedmatten, H.  and Afzelius, M.  and Lauritzen, B.  and Sangouard, N.  and Gisin, N. },
  journal = {Phys. Rev. A},
  volume = {79},
  number = {6},
  pages = {063828},
  numpages = {6},
  year = {2009},
  month = {Jun},
  doi = {10.1103/PhysRevA.79.063828},
  publisher = {American Physical Society}
}

@Article{PhysRevLett.92.123601,
  title = {Continuous Variable Entanglement using Cold Atoms},
  author = {Josse, V.  and Dantan, A.  and Bramati, A.  and Pinard, M.  and Giacobino, E. },
  journal = {Phys. Rev. Lett.},
  volume = {92},
  number = {12},
  pages = {123601}, 
  numpages = {4},
  year = {2004},
  month = {Mar},
  doi = {10.1103/PhysRevLett.92.123601},
  publisher = {American Physical Society}
}

@Article{PhysRevLett.95.133601,
  title = {On-Demand Superradiant Conversion of Atomic Spin Gratings into Single Photons with High Efficiency},
  author = {Black, A. T. and Thompson, J. K. and Vuleti\ifmmode \acute{c}\else \'{c}\fi{}, V. },
  journal = {Phys. Rev. Lett.},
  volume = {95},
  number = {13},
  pages = {133601},
  numpages = {4},
  year = {2005},
  month = {Sep},
  doi = {10.1103/PhysRevLett.95.133601},
  publisher = {American Physical Society}
}

@article{Thompson07072006,
author = {Thompson, J. K. and Simon, J. and Loh, H. and Vuleti\ifmmode \acute{c}\else \'{c}\fi{}, V.}, 
title = {{A High-Brightness Source of Narrowband, Identical-Photon Pairs}}, 
volume = {313}, 
number = {5783}, 
pages = {74-77}, 
year = {2006}, 
doi = {10.1126/science.1127676}, 
journal = {Science}}

@article{PhysRevLett.98.190503,
  title = {Quantum Repeaters with Photon Pair Sources and Multimode Memories},
  author = {Simon, C.  and de Riedmatten, H.  and Afzelius, M.  and Sangouard, N.  and Zbinden, H.  and Gisin, N. },
  journal = {Phys. Rev. Lett.},
  volume = {98},
  number = {19},
  pages = {190503},
  numpages = {4},
  year = {2007},
  month = {May},
  doi = {10.1103/PhysRevLett.98.190503},
  publisher = {American Physical Society}
}

@Article{PhysRevLett.89.143602,
  title = {Manipulating Light Pulses via Dynamically Controlled Photonic Band gap},
  author = {Andr\'e, A.  and Lukin, M. D.},
  journal = {Phys. Rev. Lett.},
  volume = {89},
  number = {14},
  pages = {143602},
  numpages = {4},
  year = {2002},
  month = {Sep},
  doi = {10.1103/PhysRevLett.89.143602},
  publisher = {American Physical Society}
}



@Article{nature02176,
  title = {Stationary pulses of light in an atomic medium},
  author = {Bajcsy, M. and Zibrov, A. S. and Lukin, M. D.},
  journal = {Nature},
  volume = {426},
  number = {6967},
  pages = {638},
  numpages = {3},
  year = {2003},
  month = {12},
  doi = {10.1103/PhysRevLett.89.143602},
  publisher = {Nature}
}


@Article{PhysRevLett.100.063601,
  title = {Quantum Processing Photonic States in Optical Lattices},
  author = {Muschik, C. A. and de Vega, I.  and Porras, D.  and Cirac, J. I.},
  journal = {Phys. Rev. Lett.},
  volume = {100},
  number = {6},
  pages = {063601},
  numpages = {4},
  year = {2008},
  month = {Feb},
  doi = {10.1103/PhysRevLett.100.063601},
  publisher = {American Physical Society}
}

@Article{PhysRevLett.87.037901,
  title = {Dipole Blockade and Quantum Information Processing in Mesoscopic Atomic Ensembles},
  author = {Lukin, M. D. and Fleischhauer, M.  and Cote, R.  and Duan, L. M. and Jaksch, D.  and Cirac, J. I. and Zoller, P. },
  journal = {Phys. Rev. Lett.},
  volume = {87},
  number = {3},
  pages = {037901},
  numpages = {4},
  year = {2001},
  month = {Jun},
  doi = {10.1103/PhysRevLett.87.037901},
  publisher = {American Physical Society}
}

@Article{PhysRevLett.97.033003,
  title = {Hybrid Quantum Processors: Molecular Ensembles as Quantum Memory for Solid State Circuits},
  author = {Rabl, P.  and DeMille, D.  and Doyle, J. M. and Lukin, M. D. and Schoelkopf, R. J. and Zoller, P. },
  journal = {Phys. Rev. Lett.},
  volume = {97},
  number = {3},
  pages = {033003},
  numpages = {4},
  year = {2006},
  month = {Jul},
  doi = {10.1103/PhysRevLett.97.033003},
  publisher = {American Physical Society}
}

@ARTICLE{Thomas2010,
author={Thomas, O. and Yuan, Z. L. and Dynes, J. F. and Sharpe, A. W. and Shields, A. J.},
title={Efficient photon number detection with silicon avalanche photodiodes},
journal={Applied Physics Letters},
year={2010},
volume={97},
number={3},
number={031102},
note={cited By (since 1996) 1},
source={Scopus},
}

@article{1464-4266-1-4-312,
  author={S. M. Tan},
  title={A computational toolbox for quantum and atomic optics},
  journal={Journal of Optics B: Quantum and Semiclassical Optics},
  volume={1},
  number={4},
  pages={424},
  url={http://stacks.iop.org/1464-4266/1/i=4/a=312},
  year={1999}
}

@article{1367-2630-12-9-095013,
  author={Nation, P. D. and Blencowe, M. P.},
  title={{The trilinear Hamiltonian: a zero-dimensional model of Hawking radiation from a quantized source}},
  journal={New Journal of Physics},
  volume={12},
  number={9},
  pages={095013},
  url={http://stacks.iop.org/1367-2630/12/i=9/a=095013},
  year={2010}
}

@Article{PhysRevA.73.042303,
  title = {Long-distance quantum communication with neutral atoms},
  author = {Razavi, M.  and Shapiro, J. H.},
  journal = {Phys. Rev. A},
  volume = {73},
  number = {4},
  pages = {042303},
  numpages = {14},
  year = {2006},
  month = {Apr},
  doi = {10.1103/PhysRevA.73.042303},
  publisher = {American Physical Society}
}

@Article{PhysRevA.59.3295,
  title = {Bell measurements for teleportation},
  author = {L\"utkenhaus, N.  and Calsamiglia, J.  and Suominen, K.-A. },
  journal = {Phys. Rev. A},
  volume = {59},
  number = {5},
  pages = {3295--3300},
  numpages = {5},
  year = {1999},
  month = {May},
  doi = {10.1103/PhysRevA.59.3295},
  publisher = {American Physical Society}
}
